<?xml version="1.0" encoding="UTF-8"?><record xmlns="http://www.loc.gov/MARC21/slim" xmlns:cinclude="http://apache.org/cocoon/include/1.0" xmlns:zs="http://www.loc.gov/zing/srw/">
  <leader>01779cz  a2200253n  4500</leader>
  <controlfield tag="001">n  82083593 </controlfield>
  <controlfield tag="003">DLC</controlfield>
  <controlfield tag="005">19940418082616.6</controlfield>
  <controlfield tag="008">820907n| acannaab|          |a ana |||  </controlfield>
  <datafield tag="010" ind1=" " ind2=" ">
    <subfield code="a">n  82083593 </subfield>
  </datafield>
  <datafield tag="040" ind1=" " ind2=" ">
    <subfield code="a">DLC</subfield>
    <subfield code="c">DLC</subfield>
    <subfield code="d">DNAL</subfield>
    <subfield code="d">DLC</subfield>
  </datafield>
  <datafield tag="110" ind1="2" ind2="0">
    <subfield code="a">University of Rhode Island.</subfield>
    <subfield code="b">Cooperative Extension Service</subfield>
  </datafield>
  <datafield tag="410" ind1="1" ind2="0">
    <subfield code="w">nnaa</subfield>
    <subfield code="a">Rhode Island.</subfield>
    <subfield code="b">University.</subfield>
    <subfield code="b">Cooperative Extension Service</subfield>
  </datafield>
  <datafield tag="410" ind1="2" ind2="0">
    <subfield code="a">University of Rhode Island.</subfield>
    <subfield code="b">Cooperative Extension System</subfield>
  </datafield>
  <datafield tag="410" ind1="2" ind2="0">
    <subfield code="a">University of Rhode Island.</subfield>
    <subfield code="b">Cooperative Extension</subfield>
  </datafield>
  <datafield tag="510" ind1="2" ind2="0">
    <subfield code="w">a</subfield>
    <subfield code="a">Rhode Island State College.</subfield>
    <subfield code="b">Agricultural and Home Economics Extension Service</subfield>
  </datafield>
  <datafield tag="510" ind1="2" ind2="0">
    <subfield code="w">b</subfield>
    <subfield code="a">Rhode Island Cooperative Extension Service</subfield>
  </datafield>
  <datafield tag="670" ind1=" " ind2=" ">
    <subfield code="a">Rhode Island resources, June 1970.</subfield>
  </datafield>
  <datafield tag="670" ind1=" " ind2=" ">
    <subfield code="a">Yankee nursery quarterly, spring 1991:</subfield>
    <subfield code="b">t.p. (Cooperative Extension Systems of the Universities of ... Rhode Island)</subfield>
  </datafield>
  <datafield tag="670" ind1=" " ind2=" ">
    <subfield code="a">Phone call to the Cooperative Extension Service, 9/23/92</subfield>
    <subfield code="b">(Cooperative Extension System is a variant name for the University of Rhode Island, Cooperative Extension Service)</subfield>
  </datafield>
  <datafield tag="670" ind1=" " ind2=" ">
    <subfield code="a">Natural resources facts, Nov. 1989:</subfield>
    <subfield code="b">t.p. (University of Rhode Island ... Cooperative Extension)</subfield>
  </datafield>
  <datafield tag="670" ind1=" " ind2=" ">
    <subfield code="a">NUCMC data from Univ. R.I. for Christopher, E.P. Papers, 1926-1932</subfield>
    <subfield code="b">(University of Rhode Island, Cooperative Extension Service; formerly Agricultural and Home Economics Extension Service of Rhode Island State College [name change of Extension Service and parent body occurred in 1951])</subfield>
  </datafield>
  <datafield tag="670" ind1=" " ind2=" ">
    <subfield code="a">Phone call to U. of R.I., 04-14-94</subfield>
    <subfield code="b">(current usage is Rhode Island Cooperative Extension Service; earlier usage was Cooperative Extension Service, University of Rhoad Island)</subfield>
  </datafield>
  <datafield tag="675" ind1=" " ind2=" ">
    <subfield code="a">Proceedings of the 1st Rhode Island Shellfisheries Conf., 1991: t.p. (Rhode Island Cooperative Extension Service)</subfield>
  </datafield>
</record>